<?xml version="1.0" encoding="UTF-8"?>
<record>
  <leader>01661nam#a2200349#c#4500</leader>
  <controlfield tag="003">DE-605</controlfield>
  <controlfield tag="005">20251008142534.0</controlfield>
  <controlfield tag="007">tu</controlfield>
  <controlfield tag="008">010711|1605####xx############|||#|#lat#c</controlfield>
  <controlfield tag="001">990114095350206441</controlfield>
  <datafield tag="016" ind1="7" ind2=" ">
    <subfield code="a">1068946480</subfield>
    <subfield code="2">OCoLC</subfield>
  </datafield>
  <datafield tag="035" ind1=" " ind2=" ">
    <subfield code="a">(DE-605)HT013082954</subfield>
  </datafield>
  <datafield tag="040" ind1=" " ind2=" ">
    <subfield code="a">6</subfield>
    <subfield code="b">ger</subfield>
    <subfield code="c">DE-605</subfield>
    <subfield code="d">38</subfield>
    <subfield code="e">rakwb</subfield>
  </datafield>
  <datafield tag="041" ind1=" " ind2=" ">
    <subfield code="a">lat</subfield>
  </datafield>
  <datafield tag="044" ind1=" " ind2=" ">
    <subfield code="c">CSHH</subfield>
  </datafield>
  <datafield tag="245" ind1="0" ind2="0">
    <subfield code="a">Synodus Archi-dioecesana Pragensis</subfield>
    <subfield code="c">Habita ab ... Domino Sbigneo Berka ... Archiepiscopo Pragensi &amp; Principe, Legato Nato &amp;c. Anno à Christi Nativitate. M. D. C. V. In Festo S. Wenceslai Principis, Martyris, Ac Patroni</subfield>
  </datafield>
  <datafield tag="264" ind1=" " ind2="1">
    <subfield code="a">Pragae</subfield>
    <subfield code="b">Typis Nigrinianis</subfield>
    <subfield code="c">1605</subfield>
  </datafield>
  <datafield tag="300" ind1=" " ind2=" ">
    <subfield code="a">[5] Bl., 178 S., [14] Bl.</subfield>
  </datafield>
  <datafield tag="361" ind1="1" ind2=" ">
    <subfield code="5">DE-38</subfield>
    <subfield code="s">GBIV1085</subfield>
    <subfield code="o">Vorbesitz</subfield>
    <subfield code="a">Jesuitenkolleg Köln</subfield>
    <subfield code="0">(DE-588)16216710-6</subfield>
    <subfield code="z">Details: hs. Besitzvermerk "Collegii Soc. Jesu Coloniae".- Bemerkung: Schwärzung: geschwärzte hs. Einträge auf Titelblatt</subfield>
  </datafield>
  <datafield tag="361" ind1="1" ind2=" ">
    <subfield code="5">DE-38</subfield>
    <subfield code="s">GBIV1085</subfield>
    <subfield code="o">Vorbesitz</subfield>
    <subfield code="a">Duchovský, Václav Prokop</subfield>
    <subfield code="0">(DE-588)1055652205</subfield>
    <subfield code="z">Details: hs. Besitzvermerk "Titulo emptionis Wenceslai Procopij Duchowsky 1740"</subfield>
  </datafield>
  <datafield tag="689" ind1="0" ind2="0">
    <subfield code="a">Katholische Kirche</subfield>
    <subfield code="b">Erzdiözese Prag</subfield>
    <subfield code="D">g</subfield>
    <subfield code="0">(DE-588)134417079x</subfield>
    <subfield code="B">GND-134417079X</subfield>
  </datafield>
  <datafield tag="689" ind1="0" ind2="1">
    <subfield code="a">Diözesansynode</subfield>
    <subfield code="D">s</subfield>
    <subfield code="0">(DE-588)4150013-1</subfield>
    <subfield code="B">GND-04150013X</subfield>
  </datafield>
  <datafield tag="689" ind1="0" ind2="2">
    <subfield code="a">Geschichte 1605</subfield>
    <subfield code="A">z</subfield>
  </datafield>
  <datafield tag="035" ind1=" " ind2=" ">
    <subfield code="a">(OCoLC)1068946480</subfield>
  </datafield>
  <datafield tag="035" ind1=" " ind2=" ">
    <subfield code="a">(DE-599)HBZHT013082954</subfield>
  </datafield>
  <datafield tag="964" ind1="0" ind2="s">
    <subfield code="F">030</subfield>
    <subfield code="A">a|1uc||||||37</subfield>
  </datafield>
  <datafield tag="964" ind1="0" ind2="s">
    <subfield code="F">050</subfield>
    <subfield code="A">a|||||||||||||</subfield>
  </datafield>
  <datafield tag="964" ind1="0" ind2="s">
    <subfield code="F">051</subfield>
    <subfield code="A">m|||||||</subfield>
  </datafield>
  <datafield tag="700" ind1="1" ind2=" ">
    <subfield code="a">Berka von Duba und Leipa, Zbynko</subfield>
    <subfield code="d">1551-1606</subfield>
    <subfield code="0">(DE-588)129303836</subfield>
    <subfield code="4">edt</subfield>
    <subfield code="0">https://d-nb.info/gnd/129303836</subfield>
    <subfield code="0">http://viaf.org/viaf/69289120</subfield>
    <subfield code="B">GND-129303836</subfield>
  </datafield>
  <datafield tag="710" ind1="1" ind2=" ">
    <subfield code="a">Katholische Kirche</subfield>
    <subfield code="b">Erzdiözese Prag</subfield>
    <subfield code="0">(DE-588)134417079x</subfield>
    <subfield code="4">oth</subfield>
    <subfield code="0">https://d-nb.info/gnd/134417079X</subfield>
    <subfield code="B">GND-134417079X</subfield>
  </datafield>
  <datafield tag="710" ind1="2" ind2=" ">
    <subfield code="a">Officina Typographica Nigriniana</subfield>
    <subfield code="0">(DE-588)1075285399</subfield>
    <subfield code="4">prt</subfield>
    <subfield code="0">https://d-nb.info/gnd/1075285399</subfield>
    <subfield code="0">http://viaf.org/viaf/317061639</subfield>
    <subfield code="B">GND-1075285399</subfield>
  </datafield>
  <datafield tag="751" ind1=" " ind2=" ">
    <subfield code="a">Prag</subfield>
    <subfield code="0">(DE-588)4076310-9</subfield>
    <subfield code="4">pup</subfield>
    <subfield code="0">https://d-nb.info/gnd/040763102</subfield>
    <subfield code="B">GND-040763102</subfield>
  </datafield>
  <datafield tag="MBD" ind1=" " ind2=" ">
    <subfield code="M">49HBZ_NETWORK</subfield>
    <subfield code="i">990114095350206441</subfield>
    <subfield code="n">HBZ Network</subfield>
  </datafield>
  <datafield tag="MBD" ind1=" " ind2=" ">
    <subfield code="M">49HBZ_UBK</subfield>
    <subfield code="i">991028329839706476</subfield>
    <subfield code="n">Universität Köln</subfield>
  </datafield>
  <datafield tag="MBD" ind1=" " ind2=" ">
    <subfield code="M">49HBZ_ULM</subfield>
    <subfield code="i">991009933039706449</subfield>
    <subfield code="n">Universität Münster</subfield>
  </datafield>
  <datafield tag="MNG" ind1=" " ind2=" ">
    <subfield code="c">System</subfield>
    <subfield code="f">OTHER</subfield>
    <subfield code="i">marc21</subfield>
    <subfield code="h">20251008142534.0</subfield>
    <subfield code="l">52</subfield>
    <subfield code="k">01</subfield>
    <subfield code="e">false</subfield>
    <subfield code="d">2025-10-09 04:10:53 Europe/Berlin</subfield>
    <subfield code="g">011409535-HBZ01</subfield>
    <subfield code="j">60</subfield>
    <subfield code="a">import</subfield>
    <subfield code="b">2021-04-05 20:13:36 Europe/Berlin</subfield>
  </datafield>
  <datafield tag="H52" ind1=" " ind2=" ">
    <subfield code="b">38-HLS</subfield>
    <subfield code="c">38-HLS-MAG</subfield>
    <subfield code="8">22233408500006476</subfield>
  </datafield>
  <datafield tag="HOL" ind1=" " ind2=" ">
    <subfield code="b">2023-08-22 12:04:42</subfield>
    <subfield code="8">22233408500006476</subfield>
    <subfield code="M">49HBZ_UBK</subfield>
    <subfield code="g">false</subfield>
    <subfield code="a">import</subfield>
  </datafield>
  <datafield tag="ITM" ind1=" " ind2=" ">
    <subfield code="H">22233408500006476</subfield>
    <subfield code="x">38-HLS-MAG</subfield>
    <subfield code="f">RARE</subfield>
    <subfield code="v">38-HLS-MAG</subfield>
    <subfield code="p">L</subfield>
    <subfield code="X">38Luca</subfield>
    <subfield code="U">2023-08-21 13:46:56 Europe/Berlin</subfield>
    <subfield code="Y">2024-06-14 11:08:07 Europe/Berlin</subfield>
    <subfield code="h">false</subfield>
    <subfield code="n">GBIV1085</subfield>
    <subfield code="G">1</subfield>
    <subfield code="M">49HBZ_UBK</subfield>
    <subfield code="s">1</subfield>
    <subfield code="d">#</subfield>
    <subfield code="V">import</subfield>
    <subfield code="b">GBIV1085</subfield>
    <subfield code="O">HBZ01: HT013082954 | Klassifikation: 0</subfield>
    <subfield code="a">23233408490006476</subfield>
    <subfield code="W">2023-08-22 14:04:42 Europe/Berlin</subfield>
    <subfield code="u">38-HLS</subfield>
    <subfield code="w">38-HLS</subfield>
  </datafield>
  <datafield tag="H52" ind1="8" ind2=" ">
    <subfield code="b">HLS</subfield>
    <subfield code="c">HLS_RARA</subfield>
    <subfield code="h">RD 2987</subfield>
    <subfield code="8">22477208030006449</subfield>
  </datafield>
  <datafield tag="HOL" ind1=" " ind2=" ">
    <subfield code="b">2022-07-11 07:48:11</subfield>
    <subfield code="8">22477208030006449</subfield>
    <subfield code="M">49HBZ_ULM</subfield>
    <subfield code="g">false</subfield>
    <subfield code="a">import</subfield>
  </datafield>
  <datafield tag="ITM" ind1=" " ind2=" ">
    <subfield code="H">22477208030006449</subfield>
    <subfield code="x">HLS_RARA</subfield>
    <subfield code="f">BOOK</subfield>
    <subfield code="v">HLS_RARA</subfield>
    <subfield code="X">System</subfield>
    <subfield code="U">2022-07-10 12:59:00 Europe/Berlin</subfield>
    <subfield code="Y">2025-02-24 19:45:42 Europe/Berlin</subfield>
    <subfield code="h">false</subfield>
    <subfield code="M">49HBZ_ULM</subfield>
    <subfield code="s">1</subfield>
    <subfield code="d">8</subfield>
    <subfield code="V">import</subfield>
    <subfield code="b">6-00335010-2</subfield>
    <subfield code="a">23477208000006449</subfield>
    <subfield code="c">RD 2987</subfield>
    <subfield code="W">2022-07-11 09:48:11 Europe/Berlin</subfield>
    <subfield code="u">HLS</subfield>
    <subfield code="w">HLS</subfield>
  </datafield>
  <datafield tag="GKT" ind1="2" ind2=" ">
    <subfield code="a">Officina Nigriniana</subfield>
    <subfield code="A">GND</subfield>
    <subfield code="B">GND-1075285399</subfield>
    <subfield code="C">410</subfield>
  </datafield>
  <datafield tag="GKT" ind1="2" ind2=" ">
    <subfield code="a">Typi Nigriniani</subfield>
    <subfield code="A">GND</subfield>
    <subfield code="B">GND-1075285399</subfield>
    <subfield code="C">410</subfield>
  </datafield>
  <datafield tag="GKT" ind1="2" ind2=" ">
    <subfield code="a">Typis Nigrinianis</subfield>
    <subfield code="A">GND</subfield>
    <subfield code="B">GND-1075285399</subfield>
    <subfield code="C">410</subfield>
  </datafield>
  <datafield tag="GKT" ind1="2" ind2=" ">
    <subfield code="a">Chalcographia Nigriniana</subfield>
    <subfield code="A">GND</subfield>
    <subfield code="B">GND-1075285399</subfield>
    <subfield code="C">410</subfield>
  </datafield>
  <datafield tag="GSI" ind1="7" ind2=" ">
    <subfield code="a">1075285399</subfield>
    <subfield code="0">http://d-nb.info/gnd/1075285399</subfield>
    <subfield code="2">gnd</subfield>
    <subfield code="A">GND</subfield>
    <subfield code="B">GND-1075285399</subfield>
    <subfield code="C">024</subfield>
  </datafield>
  <datafield tag="GST" ind1=" " ind2=" ">
    <subfield code="a">Diözesanforum</subfield>
    <subfield code="A">GND</subfield>
    <subfield code="B">GND-04150013X</subfield>
    <subfield code="C">450</subfield>
  </datafield>
  <datafield tag="GST" ind1=" " ind2=" ">
    <subfield code="a">Pastorales Forum</subfield>
    <subfield code="A">GND</subfield>
    <subfield code="B">GND-04150013X</subfield>
    <subfield code="C">450</subfield>
  </datafield>
  <datafield tag="GST" ind1=" " ind2=" ">
    <subfield code="a">Diözesansynoden</subfield>
    <subfield code="A">GND</subfield>
    <subfield code="B">GND-04150013X</subfield>
    <subfield code="C">450</subfield>
  </datafield>
  <datafield tag="GSI" ind1="7" ind2=" ">
    <subfield code="a">4150013-1</subfield>
    <subfield code="0">http://d-nb.info/gnd/4150013-1</subfield>
    <subfield code="2">gnd</subfield>
    <subfield code="A">GND</subfield>
    <subfield code="B">GND-04150013X</subfield>
    <subfield code="C">024</subfield>
  </datafield>
  <datafield tag="GKT" ind1="2" ind2=" ">
    <subfield code="a">Katholische Kirche</subfield>
    <subfield code="b">Erzbistum Prag</subfield>
    <subfield code="A">GND</subfield>
    <subfield code="B">GND-134417079X</subfield>
    <subfield code="C">410</subfield>
  </datafield>
  <datafield tag="GKT" ind1="2" ind2=" ">
    <subfield code="a">Katholische Kirche</subfield>
    <subfield code="b">Arcidiecéze pražská</subfield>
    <subfield code="A">GND</subfield>
    <subfield code="B">GND-134417079X</subfield>
    <subfield code="C">410</subfield>
  </datafield>
  <datafield tag="GKT" ind1="2" ind2=" ">
    <subfield code="a">Katholische Kirche</subfield>
    <subfield code="b">Arcibiskupství pražské</subfield>
    <subfield code="A">GND</subfield>
    <subfield code="B">GND-134417079X</subfield>
    <subfield code="C">410</subfield>
  </datafield>
  <datafield tag="GKT" ind1="2" ind2=" ">
    <subfield code="a">Katholische Kirche</subfield>
    <subfield code="b">Bistum Prag</subfield>
    <subfield code="A">GND</subfield>
    <subfield code="B">GND-134417079X</subfield>
    <subfield code="C">410</subfield>
  </datafield>
  <datafield tag="GKT" ind1="2" ind2=" ">
    <subfield code="a">Erzbistum Prag</subfield>
    <subfield code="A">GND</subfield>
    <subfield code="B">GND-134417079X</subfield>
    <subfield code="C">410</subfield>
  </datafield>
  <datafield tag="GKT" ind1="2" ind2=" ">
    <subfield code="a">Erzdiözese Prag</subfield>
    <subfield code="A">GND</subfield>
    <subfield code="B">GND-134417079X</subfield>
    <subfield code="C">410</subfield>
  </datafield>
  <datafield tag="GKT" ind1="2" ind2=" ">
    <subfield code="a">Archidioecesis Pragensis</subfield>
    <subfield code="A">GND</subfield>
    <subfield code="B">GND-134417079X</subfield>
    <subfield code="C">410</subfield>
  </datafield>
  <datafield tag="GKT" ind1="2" ind2=" ">
    <subfield code="a">Arcibiskupství pražské</subfield>
    <subfield code="A">GND</subfield>
    <subfield code="B">GND-134417079X</subfield>
    <subfield code="C">410</subfield>
  </datafield>
  <datafield tag="GKT" ind1="2" ind2=" ">
    <subfield code="a">Arcidiecéze pražská</subfield>
    <subfield code="A">GND</subfield>
    <subfield code="B">GND-134417079X</subfield>
    <subfield code="C">410</subfield>
  </datafield>
  <datafield tag="GKT" ind1="2" ind2=" ">
    <subfield code="a">Prager Erzdiözese</subfield>
    <subfield code="A">GND</subfield>
    <subfield code="B">GND-134417079X</subfield>
    <subfield code="C">410</subfield>
  </datafield>
  <datafield tag="GKT" ind1="2" ind2=" ">
    <subfield code="a">Archiepiscopatus Pragensis</subfield>
    <subfield code="A">GND</subfield>
    <subfield code="B">GND-134417079X</subfield>
    <subfield code="C">410</subfield>
  </datafield>
  <datafield tag="GKT" ind1="2" ind2=" ">
    <subfield code="a">Pražské Arcibiskupství</subfield>
    <subfield code="A">GND</subfield>
    <subfield code="B">GND-134417079X</subfield>
    <subfield code="C">410</subfield>
  </datafield>
  <datafield tag="GKT" ind1="2" ind2=" ">
    <subfield code="a">Pražská Arcidiecéze</subfield>
    <subfield code="A">GND</subfield>
    <subfield code="B">GND-134417079X</subfield>
    <subfield code="C">410</subfield>
  </datafield>
  <datafield tag="GSI" ind1="7" ind2=" ">
    <subfield code="a">134417079X</subfield>
    <subfield code="0">http://d-nb.info/gnd/134417079X</subfield>
    <subfield code="2">gnd</subfield>
    <subfield code="A">GND</subfield>
    <subfield code="B">GND-134417079X</subfield>
    <subfield code="C">024</subfield>
  </datafield>
  <datafield tag="GPN" ind1="1" ind2=" ">
    <subfield code="a">Duba und Leipa, Zbynko Berka &lt;&lt;von&gt;&gt;</subfield>
    <subfield code="d">1551-1606</subfield>
    <subfield code="A">GND</subfield>
    <subfield code="B">GND-129303836</subfield>
    <subfield code="C">400</subfield>
  </datafield>
  <datafield tag="GPN" ind1="0" ind2=" ">
    <subfield code="a">Zbynko</subfield>
    <subfield code="c">Prag, Erzbischof</subfield>
    <subfield code="d">1551-1606</subfield>
    <subfield code="A">GND</subfield>
    <subfield code="B">GND-129303836</subfield>
    <subfield code="C">400</subfield>
  </datafield>
  <datafield tag="GPN" ind1="1" ind2=" ">
    <subfield code="a">Berka z Dubé a Lipé, Zbynek</subfield>
    <subfield code="d">1551-1606</subfield>
    <subfield code="A">GND</subfield>
    <subfield code="B">GND-129303836</subfield>
    <subfield code="C">400</subfield>
  </datafield>
  <datafield tag="GPN" ind1="1" ind2=" ">
    <subfield code="a">Berka z Dubé a Lipé, Zbyněk</subfield>
    <subfield code="d">1551-1606</subfield>
    <subfield code="A">GND</subfield>
    <subfield code="B">GND-129303836</subfield>
    <subfield code="C">400</subfield>
  </datafield>
  <datafield tag="GPN" ind1="1" ind2=" ">
    <subfield code="a">Berka z Dubé, Zbyněk</subfield>
    <subfield code="d">1551-1606</subfield>
    <subfield code="A">GND</subfield>
    <subfield code="B">GND-129303836</subfield>
    <subfield code="C">400</subfield>
  </datafield>
  <datafield tag="GPN" ind1="1" ind2=" ">
    <subfield code="a">Berca, Sbigneus</subfield>
    <subfield code="d">1551-1606</subfield>
    <subfield code="A">GND</subfield>
    <subfield code="B">GND-129303836</subfield>
    <subfield code="C">400</subfield>
  </datafield>
  <datafield tag="GPN" ind1="1" ind2=" ">
    <subfield code="a">Berka, Sbigneus</subfield>
    <subfield code="d">1551-1606</subfield>
    <subfield code="A">GND</subfield>
    <subfield code="B">GND-129303836</subfield>
    <subfield code="C">400</subfield>
  </datafield>
  <datafield tag="GSI" ind1="7" ind2=" ">
    <subfield code="a">129303836</subfield>
    <subfield code="0">http://d-nb.info/gnd/129303836</subfield>
    <subfield code="2">gnd</subfield>
    <subfield code="A">GND</subfield>
    <subfield code="B">GND-129303836</subfield>
    <subfield code="C">024</subfield>
  </datafield>
  <datafield tag="GSI" ind1="7" ind2=" ">
    <subfield code="a">4076310-9</subfield>
    <subfield code="0">http://d-nb.info/gnd/4076310-9</subfield>
    <subfield code="2">gnd</subfield>
    <subfield code="A">GND</subfield>
    <subfield code="B">GND-040763102</subfield>
    <subfield code="C">024</subfield>
  </datafield>
  <datafield tag="GSI" ind1="7" ind2=" ">
    <subfield code="a">3067696</subfield>
    <subfield code="2">geonames</subfield>
    <subfield code="A">GND</subfield>
    <subfield code="B">GND-040763102</subfield>
    <subfield code="C">024</subfield>
  </datafield>
  <datafield tag="GGN" ind1=" " ind2=" ">
    <subfield code="a">Hlavni Město Praha</subfield>
    <subfield code="A">GND</subfield>
    <subfield code="B">GND-040763102</subfield>
    <subfield code="C">451</subfield>
  </datafield>
  <datafield tag="GGN" ind1=" " ind2=" ">
    <subfield code="a">Hauptstadt Prag</subfield>
    <subfield code="A">GND</subfield>
    <subfield code="B">GND-040763102</subfield>
    <subfield code="C">451</subfield>
  </datafield>
  <datafield tag="GGN" ind1=" " ind2=" ">
    <subfield code="a">Kraj Praha</subfield>
    <subfield code="A">GND</subfield>
    <subfield code="B">GND-040763102</subfield>
    <subfield code="C">451</subfield>
  </datafield>
  <datafield tag="GGN" ind1=" " ind2=" ">
    <subfield code="a">Bezirk Prag</subfield>
    <subfield code="A">GND</subfield>
    <subfield code="B">GND-040763102</subfield>
    <subfield code="C">451</subfield>
  </datafield>
  <datafield tag="GGN" ind1=" " ind2=" ">
    <subfield code="a">Praha</subfield>
    <subfield code="A">GND</subfield>
    <subfield code="B">GND-040763102</subfield>
    <subfield code="C">451</subfield>
  </datafield>
  <datafield tag="GGN" ind1=" " ind2=" ">
    <subfield code="a">Prague</subfield>
    <subfield code="A">GND</subfield>
    <subfield code="B">GND-040763102</subfield>
    <subfield code="C">451</subfield>
  </datafield>
  <datafield tag="GGN" ind1=" " ind2=" ">
    <subfield code="a">Praga</subfield>
    <subfield code="A">GND</subfield>
    <subfield code="B">GND-040763102</subfield>
    <subfield code="C">451</subfield>
  </datafield>
  <datafield tag="GGN" ind1=" " ind2=" ">
    <subfield code="a">Praag</subfield>
    <subfield code="A">GND</subfield>
    <subfield code="B">GND-040763102</subfield>
    <subfield code="C">451</subfield>
  </datafield>
  <datafield tag="GGN" ind1=" " ind2=" ">
    <subfield code="a">Boiemorum Casurgis</subfield>
    <subfield code="A">GND</subfield>
    <subfield code="B">GND-040763102</subfield>
    <subfield code="C">451</subfield>
  </datafield>
  <datafield tag="GGN" ind1=" " ind2=" ">
    <subfield code="a">Bojemorum Casurgis</subfield>
    <subfield code="A">GND</subfield>
    <subfield code="B">GND-040763102</subfield>
    <subfield code="C">451</subfield>
  </datafield>
  <datafield tag="GGN" ind1=" " ind2=" ">
    <subfield code="a">Casurgis</subfield>
    <subfield code="A">GND</subfield>
    <subfield code="B">GND-040763102</subfield>
    <subfield code="C">451</subfield>
  </datafield>
  <datafield tag="GGN" ind1=" " ind2=" ">
    <subfield code="a">Regia Boiemorum Casurgis</subfield>
    <subfield code="A">GND</subfield>
    <subfield code="B">GND-040763102</subfield>
    <subfield code="C">451</subfield>
  </datafield>
  <datafield tag="GGN" ind1=" " ind2=" ">
    <subfield code="a">Regia Bojemorum Casurgis</subfield>
    <subfield code="A">GND</subfield>
    <subfield code="B">GND-040763102</subfield>
    <subfield code="C">451</subfield>
  </datafield>
  <datafield tag="GKT" ind1="2" ind2=" ">
    <subfield code="a">Katholische Kirche</subfield>
    <subfield code="b">Erzbistum Prag</subfield>
    <subfield code="A">GND</subfield>
    <subfield code="B">GND-134417079X</subfield>
    <subfield code="C">410</subfield>
  </datafield>
  <datafield tag="GKT" ind1="2" ind2=" ">
    <subfield code="a">Katholische Kirche</subfield>
    <subfield code="b">Arcidiecéze pražská</subfield>
    <subfield code="A">GND</subfield>
    <subfield code="B">GND-134417079X</subfield>
    <subfield code="C">410</subfield>
  </datafield>
  <datafield tag="GKT" ind1="2" ind2=" ">
    <subfield code="a">Katholische Kirche</subfield>
    <subfield code="b">Arcibiskupství pražské</subfield>
    <subfield code="A">GND</subfield>
    <subfield code="B">GND-134417079X</subfield>
    <subfield code="C">410</subfield>
  </datafield>
  <datafield tag="GKT" ind1="2" ind2=" ">
    <subfield code="a">Katholische Kirche</subfield>
    <subfield code="b">Bistum Prag</subfield>
    <subfield code="A">GND</subfield>
    <subfield code="B">GND-134417079X</subfield>
    <subfield code="C">410</subfield>
  </datafield>
  <datafield tag="GKT" ind1="2" ind2=" ">
    <subfield code="a">Erzbistum Prag</subfield>
    <subfield code="A">GND</subfield>
    <subfield code="B">GND-134417079X</subfield>
    <subfield code="C">410</subfield>
  </datafield>
  <datafield tag="GKT" ind1="2" ind2=" ">
    <subfield code="a">Erzdiözese Prag</subfield>
    <subfield code="A">GND</subfield>
    <subfield code="B">GND-134417079X</subfield>
    <subfield code="C">410</subfield>
  </datafield>
  <datafield tag="GKT" ind1="2" ind2=" ">
    <subfield code="a">Archidioecesis Pragensis</subfield>
    <subfield code="A">GND</subfield>
    <subfield code="B">GND-134417079X</subfield>
    <subfield code="C">410</subfield>
  </datafield>
  <datafield tag="GKT" ind1="2" ind2=" ">
    <subfield code="a">Arcibiskupství pražské</subfield>
    <subfield code="A">GND</subfield>
    <subfield code="B">GND-134417079X</subfield>
    <subfield code="C">410</subfield>
  </datafield>
  <datafield tag="GKT" ind1="2" ind2=" ">
    <subfield code="a">Arcidiecéze pražská</subfield>
    <subfield code="A">GND</subfield>
    <subfield code="B">GND-134417079X</subfield>
    <subfield code="C">410</subfield>
  </datafield>
  <datafield tag="GKT" ind1="2" ind2=" ">
    <subfield code="a">Prager Erzdiözese</subfield>
    <subfield code="A">GND</subfield>
    <subfield code="B">GND-134417079X</subfield>
    <subfield code="C">410</subfield>
  </datafield>
  <datafield tag="GKT" ind1="2" ind2=" ">
    <subfield code="a">Archiepiscopatus Pragensis</subfield>
    <subfield code="A">GND</subfield>
    <subfield code="B">GND-134417079X</subfield>
    <subfield code="C">410</subfield>
  </datafield>
  <datafield tag="GKT" ind1="2" ind2=" ">
    <subfield code="a">Pražské Arcibiskupství</subfield>
    <subfield code="A">GND</subfield>
    <subfield code="B">GND-134417079X</subfield>
    <subfield code="C">410</subfield>
  </datafield>
  <datafield tag="GKT" ind1="2" ind2=" ">
    <subfield code="a">Pražská Arcidiecéze</subfield>
    <subfield code="A">GND</subfield>
    <subfield code="B">GND-134417079X</subfield>
    <subfield code="C">410</subfield>
  </datafield>
  <datafield tag="GSI" ind1="7" ind2=" ">
    <subfield code="a">134417079X</subfield>
    <subfield code="0">http://d-nb.info/gnd/134417079X</subfield>
    <subfield code="2">gnd</subfield>
    <subfield code="A">GND</subfield>
    <subfield code="B">GND-134417079X</subfield>
    <subfield code="C">024</subfield>
  </datafield>
</record>
